<?xml version="1.0" encoding="UTF-8"?><collection xmlns="http://www.loc.gov/MARC21/slim"><record><leader>00417nam--2200145-i-4500</leader><controlfield tag="001">000017016</controlfield><controlfield tag="002">20161230</controlfield><controlfield tag="005">20170225103841</controlfield><controlfield tag="008">060222s1000------------r-----000-0-eng-d</controlfield><datafield ind1=" " ind2=" " tag="245"><subfield code="a">Dezvoltarea productiei de energie coordonatorii vol. Iacob Lazar /s.a.</subfield></datafield><datafield ind1=" " ind2=" " tag="260"><subfield code="a">Cluj-Napoca</subfield><subfield code="b">Ed.Dacia</subfield><subfield code="c">1984</subfield></datafield><datafield ind1=" " ind2=" " tag="300"><subfield code="a">208 p</subfield></datafield><datafield ind1=" " ind2=" " tag="490"><subfield code="a">Seria Stiinta Moderna Si Energia</subfield></datafield><datafield ind1=" " ind2=" " tag="852"><subfield code="a">621.039.003</subfield></datafield><datafield ind1=" " ind2=" " tag="CAT"><subfield code="a">SYS</subfield><subfield code="c">20170225</subfield><subfield code="h">103841</subfield></datafield></record></collection>